
@inreference{noauthor_random_2019,
	title = {Random geometric graph},
	rights = {Creative Commons Attribution-{ShareAlike} License},
	url = {https://en.wikipedia.org/w/index.php?title=Random_geometric_graph&oldid=910140118},
	abstract = {In graph theory, a random geometric graph ({RGG}) is the mathematically simplest spatial network, namely an undirected graph constructed by randomly placing N nodes in some metric space (according to a specified probability distribution) and connecting two nodes by a link if and only if their distance is in a given range, e.g. smaller than a certain neighborhood radius, r.
Random geometric graphs resemble real human social networks in a number of ways. For instance, they spontaneously demonstrate community structure - clusters of nodes with high modularity. Other random graph generation algorithms, such as those generated using the Erdős–Rényi model or Barabási–Albert ({BA}) model do not create this type of structure. Additionally, random geometric graphs display degree assortativity: "popular" nodes (those with many links) are particularly likely to be linked to other popular nodes.
A real-world application of {RGGs} is the modeling of ad hoc networks. Furthermore they are used to perform benchmarks for (external) graph algorithms.},
	booktitle = {Wikipedia},
	urldate = {2019-09-21},
	date = {2019-08-09},
	langid = {english},
	note = {Page Version {ID}: 910140118},
	file = {Snapshot:/Users/albertmercade/Zotero/storage/SAW9JRYA/index.html:text/html}
}

@online{noauthor_bernoulli_distribution_nodate,
	title = {bernoulli\_distribution - C++ Reference},
	url = {http://www.cplusplus.com/reference/random/bernoulli_distribution/},
	urldate = {2019-09-21},
	file = {bernoulli_distribution - C++ Reference:/Users/albertmercade/Zotero/storage/255AXHFI/bernoulli_distribution.html:text/html}
}

@online{noauthor_<random>_nodate,
	title = {{\textless}random{\textgreater} - C++ Reference},
	url = {http://www.cplusplus.com/reference/random/},
	urldate = {2019-09-21},
	file = {<random> - C++ Reference:/Users/albertmercade/Zotero/storage/ZW63A5LU/random.html:text/html}
}

@inreference{noauthor_random_2019-1,
	title = {Random graph},
	rights = {Creative Commons Attribution-{ShareAlike} License},
	url = {https://en.wikipedia.org/w/index.php?title=Random_graph&oldid=915463400},
	abstract = {In mathematics, random graph is the general term to refer to probability distributions over graphs.  Random graphs may be described simply by a probability distribution, or by a random process which generates them. The theory of random graphs lies at the intersection between graph theory and probability theory. From a mathematical perspective, random graphs are used to answer questions about the properties of typical graphs. Its practical applications are found in all areas in which complex networks need to be modeled – many random graph models are thus known, mirroring the diverse types of complex networks encountered in different areas. In a mathematical context, random graph refers almost exclusively to the Erdős–Rényi random graph model. In other contexts, any graph model may be referred to as a random graph.},
	booktitle = {Wikipedia},
	urldate = {2019-09-21},
	date = {2019-09-13},
	langid = {english},
	note = {Page Version {ID}: 915463400},
	file = {Snapshot:/Users/albertmercade/Zotero/storage/X5ZXUC47/index.html:text/html}
}

@article{diaz_random_nodate,
	title = {Random Geometric Graphs},
	pages = {86},
	author = {Díaz, Josep},
	langid = {english},
	file = {Díaz - Random Geometric Graphs..pdf:/Users/albertmercade/Zotero/storage/CHDC5IAE/Díaz - Random Geometric Graphs..pdf:application/pdf}
}

@online{noauthor_adaptive_nodate,
	title = {Adaptive Sampling, Plotting Math Curve},
	url = {http://xahlee.info/comp/adaptive_sampling_plot_math_curve.html},
	urldate = {2019-09-23},
	file = {Adaptive Sampling, Plotting Math Curve:/Users/albertmercade/Zotero/storage/2TMRXVQK/adaptive_sampling_plot_math_curve.html:text/html}
}

@software{noauthor_networkx/networkx_2019,
	title = {networkx/networkx},
	url = {https://github.com/networkx/networkx},
	abstract = {Official {NetworkX} source code repository.  . Contribute to networkx/networkx development by creating an account on {GitHub}.},
	publisher = {{NetworkX}: Python software for complex networks},
	urldate = {2019-09-22},
	date = {2019-09-22},
	note = {original-date: 2010-09-06T00:53:44Z}
}

@inreference{noauthor_model_2019,
	title = {Model d'Erdős-Rényi},
	rights = {Creative Commons Attribution-{ShareAlike} License},
	url = {https://ca.wikipedia.org/w/index.php?title=Model_d%27Erd%C5%91s-R%C3%A9nyi&oldid=21467032},
	abstract = {En teoria de grafs, el model d'Erdős-Rényi fa referència un dels dos models estretament relacionats en la generació de grafs aleatoris. Duen el nom de Paul Erdős i Alfréd Rényi, que van ser els primers a introduir-los l'any 1959; el segon model va ser introduït independentment i de manera contemporània per Edgar Gilbert. En el primer model, tots els grafs d'un conjunt fix de vèrtexs amb un cert nombre d'arestes són iguals de probables; mentre que en el segon model (introduït per Gilbert) tota aresta té una probabilitat fixa de ser present o absent, independentment de la resta d'arestes. Aquests models poden ser usats en el mètode probabilístic per demostrar l'existència de grafs que satisfacin diverses propietats, o per proporcionar una definició rigorosa de què significa per una propietat de donar-se a gairebé tots els grafs.},
	booktitle = {Viquipèdia, l'enciclopèdia lliure},
	urldate = {2019-09-25},
	date = {2019-07-10},
	langid = {catalan},
	note = {Page Version {ID}: 21467032},
	file = {Snapshot:/Users/albertmercade/Zotero/storage/INULZFTZ/index.html:text/html}
}