@misc{AdaptivePlotting,
    title = {{Adaptive function plotting}},
    booktitle = {The YACAS book of algorithms},
    url = {https://yacas.readthedocs.io/en/latest/book_of_algorithms/basic.html#adaptive-function-plotting}
}

@article{Diaz2001ApproximatingGraphs,
    title = {{Approximating Layout Problems on Random Geometric Graphs}},
    year = {2001},
    journal = {Journal of Algorithms},
    author = {D{\'{i}}az, Josep and Penrose, Mathew D. and Petit, Jordi and Serna, María},
    number = {1},
    pages = {78--116},
    volume = {39},
    publisher = {Academic Press},
    doi = {10.1006/jagm.2000.1149},
    issn = {01966774}
}

@misc{Bernoulli_distributionReference,
    title = {{bernoulli{\_}distribution - C++ Reference}},
    url = {http://www.cplusplus.com/reference/random/bernoulli_distribution/}
}

@techreport{DemaineDynamicStructures.,
    title = {{Dynamic Graph Problems - in Lecture Notes in Advanced Data Structures.}},
    author = {Demaine, Erik}
}

@article{Ramezanpour2002GeneratingOnes,
    title = {{Generating correlated networks from uncorrelated ones}},
    year = {2002},
    author = {Ramezanpour, A. and Karimipour, V. and Mashaghi, A.},
    month = {12},
    url = {http://arxiv.org/abs/cond-mat/0212469 http://dx.doi.org/10.1103/PhysRevE.67.046107},
    doi = {10.1103/PhysRevE.67.046107},
    arxivId = {cond-mat/0212469}
}

@article{Wang2004ImageSimilarity,
    title = {{Image quality assessment: From error visibility to structural similarity}},
    year = {2004},
    journal = {IEEE Transactions on Image Processing},
    author = {Wang, Zhou and Bovik, Alan Conrad and Sheikh, Hamid Rahim and Simoncelli, Eero P.},
    doi = {10.1109/TIP.2003.819861},
    issn = {10577149},
    keywords = {Error sensitivity, Human visual system (HVS), Image coding, Image quality assessment, JPEG, JPEG2000, Perceptual quality, Structural information, Structural similarity (SSIM)}
}

@misc{JavaDocs,
    title = {{Java 8 Docs}},
    url = {https://docs.oracle.com/javase/8/docs/api/}
}

@techreport{Hamilton1992JPEGFormat,
    title = {{JPEG File Interchange Format}},
    year = {1992},
    author = {Hamilton, Eric}
}

@article{Sebestyen1993JPEG:Standard,
    title = {{JPEG: Still image data compression standard}},
    year = {1993},
    journal = {Computer Standards {\&} Interfaces},
    author = {Sebestyen, Istvan},
    doi = {10.1016/0920-5489(93)90038-s},
    issn = {09205489}
}

@misc{NetworkXNetworkX,
    title = {{NetworkX — NetworkX}},
    url = {https://networkx.github.io/}
}

@misc{Networkx/networkx:Repository.,
    title = {{networkx/networkx: Official NetworkX source code repository.}},
    url = {https://github.com/networkx/networkx}
}

@article{Erdos1959OnI,
    title = {{On Random Graphs. I}},
    year = {1959},
    journal = {Publicationes Mathematicae},
    author = {Erd{\H{o}}s, P. and R{\'{e}}nyi, A.},
    pages = {290--297},
    volume = {6},
    url = {http://www.renyi.hu/~p_erdos/1959-11.pdf}
}

@techreport{Diaz2007On,
    title = {{On the Connectivity of Dynamic Random Geometric Graphs *}},
    year = {2007},
    author = {D{\'{i}}az, J and Mitsche, D and P{\'{e}}rez, X}
}

@article{Erdos1960OnGraphs,
    title = {{On the Evolution of Random Graphs}},
    year = {1960},
    journal = {PUBLICATION OF THE MATHEMATICAL INSTITUTE OF THE HUNGARIAN ACADEMY OF SCIENCES},
    author = {Erd{\H{o}}s, P. and Erd{\H{o}}s, P. and R{\'{e}}nyi, A},
    pages = {17--61},
    url = {http://citeseerx.ist.psu.edu/viewdoc/summary?doi=10.1.1.153.5943}
}

@misc{PPMSpecification,
    title = {{PPM Format Specification}},
    url = {http://netpbm.sourceforge.net/doc/ppm.html}
}

@article{Dall2002RandomGraphs,
    title = {{Random geometric graphs}},
    year = {2002},
    journal = {Physical Review E - Statistical Physics, Plasmas, Fluids, and Related Interdisciplinary Topics},
    author = {Dall, Jesper and Christensen, Michael},
    number = {1},
    month = {7},
    volume = {66},
    doi = {10.1103/PhysRevE.66.016121},
    issn = {1063651X}
}

@book{Penrose2003RandomProbability,
    title = {{Random Geometric Graphs (Oxford Studies in Probability)}},
    year = {2003},
    author = {Penrose, Mathew},
    month = {7},
    publisher = {Oxford University Press, USA},
    url = {http://www.worldcat.org/isbn/0198506260},
    isbn = {0198506260},
    keywords = {random-geometric-graphs, random-graphs}
}

@article{Provan1983TheConnected,
    title = {{The Complexity of Counting Cuts and of Computing the Probability that a Graph is Connected}},
    year = {1983},
    journal = {SIAM Journal on Computing},
    author = {Provan, J. Scott and Ball, Michael O.},
    number = {4},
    month = {11},
    pages = {777--788},
    volume = {12},
    publisher = {Society for Industrial {\&} Applied Mathematics (SIAM)},
    doi = {10.1137/0212053},
    issn = {0097-5397}
}

@article{Wallace1992TheStandard,
    title = {{The JPEG still picture compression standard}},
    year = {1992},
    journal = {IEEE Transactions on Consumer Electronics},
    author = {Wallace, Gregory K.},
    doi = {10.1109/30.125072},
    issn = {00983063}
}

@misc{Uniform_real_distributionReference,
    title = {{uniform{\_}real{\_}distribution - C++ Reference}},
    url = {http://www.cplusplus.com/reference/random/uniform_real_distribution/}
}